<?xml version="1.0" encoding="UTF-8"?>
<marc:collection xmlns="http://www.loc.gov/MARC21/slim" xmlns:marc="http://www.loc.gov/MARC21/slim" xmlns:xsi="http://www.w3.org/2001/XMLSchema-instance" xsi:schemaLocation="http://www.loc.gov/standards/marcxml/schema/MARC21slim.xsd">
  <record>
    <leader>00000npc a2200000 u 4500</leader>
    <datafield ind1=" " ind2=" " tag="040">
      <subfield code="a">DWP</subfield>
      <subfield code="c">DWP</subfield>
      <subfield code="e">dacs</subfield>
    </datafield>
    <datafield ind1="0" ind2="0" tag="245">
      <subfield code="a">Historic Image Collection</subfield>
    </datafield>
    <datafield ind1=" " ind2=" " tag="300">
      <subfield code="a">800 Linear feet</subfield>
    </datafield>
    <datafield ind1="2" ind2=" " tag="520">
      <subfield code="a">The library has accepted donations, purchased, and collected images for the Historical Image Collection since the early 1920s. Collection strengths include: Streets; Federal buildings; Federal monuments and memorials; Houses and estates; Commercial buildings; and Early Washingtonians. </subfield>
    </datafield>
    <datafield ind1=" " ind2=" " tag="351">
      <subfield code="b">The Washington, DC Historic Image Collection is arranged by subject. The collection contains photos of the subjects listed here. </subfield>
    </datafield>
    <datafield ind1=" " ind2=" " tag="540">
      <subfield code="a">IN COPYRIGHT - RIGHTS-HOLDER(S) UNLOCATABLE OR UNIDENTIFIABLE

https://rightsstatements.org/page/InC-RUU/1.0/?language=en</subfield>
    </datafield>
  </record>
</marc:collection>

